<record><leader>00000cas a2200000 a 4500</leader><controlfield tag="001">32436970</controlfield><controlfield tag="007">hd afu---baaa</controlfield><controlfield tag="007">hd afu---bcca</controlfield><controlfield tag="008">950508c19799999nbudn nea     0    0eng c</controlfield><datafield ind1=" " ind2=" " tag="010"><subfield code="a">sn 95069574 </subfield></datafield><datafield ind1=" " ind2=" " tag="040"><subfield code="a">NVG</subfield><subfield code="b">eng</subfield><subfield code="c">NVG</subfield><subfield code="d">OCLCQ</subfield></datafield><datafield ind1=" " ind2=" " tag="042"><subfield code="a">pcc</subfield></datafield><datafield ind1=" " ind2=" " tag="043"><subfield code="a">n-us-nb</subfield></datafield><datafield ind1="0" ind2=" " tag="130"><subfield code="a">Star-herald (Scottsbluff, Neb.)</subfield></datafield><datafield ind1="1" ind2="0" tag="245"><subfield code="a">Star-herald</subfield><subfield code="h">[microform].</subfield></datafield><datafield ind1=" " ind2=" " tag="260"><subfield code="a">Scottsbluff, Neb. :</subfield><subfield code="b">Scottsbluff Star-Herald,</subfield><subfield code="c">1979-</subfield></datafield><datafield ind1=" " ind2=" " tag="300"><subfield code="a">v.</subfield></datafield><datafield ind1=" " ind2=" " tag="310"><subfield code="a">Daily (except Mon.)</subfield></datafield><datafield ind1="0" ind2=" " tag="362"><subfield code="a">Vol. 78, no. 200 (Feb. 25, 1979)-</subfield></datafield><datafield ind1=" " ind2=" " tag="515"><subfield code="a">All numbering dropped with Mar. 4, 1987 issue.</subfield></datafield><datafield ind1=" " ind2=" " tag="533"><subfield code="a">Microfilm.</subfield><subfield code="b">[Wooster, Ohio] :</subfield><subfield code="c">Bell &amp; Howell.</subfield><subfield code="e">microfilm reels ; 35 mm.</subfield></datafield><datafield ind1=" " ind2=" " tag="752"><subfield code="a">United States</subfield><subfield code="b">Nebraska</subfield><subfield code="c">Scotts Bluff</subfield><subfield code="d">Scottsbluff.</subfield></datafield><datafield ind1=" " ind2=" " tag="752"><subfield code="a">United States</subfield><subfield code="b">Nebraska</subfield><subfield code="c">Scotts Bluff</subfield><subfield code="d">Gering.</subfield></datafield><datafield ind1="0" ind2="0" tag="780"><subfield code="t">Scottsbluff star-herald (Scottsbluff, Neb. : 1970)</subfield><subfield code="w">(DLC)sn 95069573</subfield></datafield></record>